<?xml version="1.0" encoding="UTF-8"?><collection xmlns="http://www.loc.gov/MARC21/slim"><record><leader>00427nam--2200157-i-4500</leader><controlfield tag="001">000009506</controlfield><controlfield tag="002">20161230</controlfield><controlfield tag="005">20170114234033</controlfield><controlfield tag="008">060222s1000------------r-----000-0-eng-d</controlfield><datafield ind1=" " ind2=" " tag="100"><subfield code="a">Chanin, J. I</subfield></datafield><datafield ind1=" " ind2=" " tag="245"><subfield code="a">Quantenelektronik. Physik der und laser. Mit 140 abbildungen</subfield></datafield><datafield ind1=" " ind2=" " tag="260"><subfield code="a">Leipzig</subfield><subfield code="b">B.G.Teubner Verlagsgesellschaft</subfield><subfield code="c">1969</subfield></datafield><datafield ind1=" " ind2=" " tag="300"><subfield code="a">652 p</subfield></datafield><datafield ind1=" " ind2=" " tag="700"><subfield code="a">Fain, W. M</subfield></datafield><datafield ind1=" " ind2=" " tag="852"><subfield code="a">34178</subfield></datafield><datafield ind1=" " ind2=" " tag="CAT"><subfield code="a">SYS</subfield><subfield code="c">20170114</subfield><subfield code="h">234033</subfield></datafield></record></collection>